2136 3966
112 264 206 321 mss·
230 265 279 319 DE
305 265 424 319 CHAR·
450 266 544 319 GEN.
570 268 782 323 INSECTOR·
839 273 909 342 251
973 276 976 283 '

88 429 267 495 rimantium
310 427 442 501 familiia
483 428 695 495 discernendis
733 432 912 515 applicatas.

88 520 136 589 tuo
162 516 197 577 in
222 516 372 597 negotio,
407 512 601 577 fiLrunnar
623 515 750 599 vestigia
770 518 914 597 tegentes

88 616 100 661 a
121 596 188 663 istis
207 618 269 662 nos
290 599 448 662 interdum
465 597 635 664 deflcstere
650 599 856 673 offendimur,
879 603 912 667 id

88 676 177 759 rjrum
203 700 268 744 non
288 682 348 744 erit
367 683 591 766 perpendenti,
621 696 673 746 tot
695 683 757 746 eiie
779 684 914 751 insetto·

88 768 133 829 im
152 765 271 846 species
291 765 358 845 post
374 779 515 848 tempora
535 766 629 848 ipfius
647 768 804 843 detectas.
825 782 860 833 ut
874 771 912 835 ad

88 850 200 935 n'guias
220 850 421 913 inveniendos
443 858 477 912 et
500 851 559 912 rite
582 851 814 933 cognoscendas
835 875 915 937 opus

88 934 195 1001 tiliae
218 935 251 996 in
274 935 361 1016 plura
386 955 500 1017 genera
525 933 724 1016 disjunpem
752 936 843 1018 cujus
868 941 914 1002 rei

88 1014 271 1081 rc'essiratem
302 1020 381 1081 adeo
409 1020 550 1096 quemvis
576 1020 745 1101 perspicere
773 1024 915 1085 covinci-

88 1120 150 1175 ur,
185 1116 223 1164 ut
251 1122 378 1165 ornnem
408 1102 704 1169 demonstrationem
730 1101 914 1187 superfluam

88 1204 222 1251 reamus.

123 1270 179 1335 Ad
201 1271 329 1332 ordines
350 1268 538 1334 infestorum
560 1272 644 1359 qnod
662 1272 796 1347 attinet,
826 1273 914 1347 illos,

88 1374 146 1421 roa
168 1354 274 1418 statuit
297 1375 320 1416 Α
341 1354 470 1428 Limnai,
498 1356 642 1435 integros
668 1355 837 1430 servamur,
867 1360 918 1423 di-

88 1441 165 1503 rrtia
196 1437 419 1502 sententiarum
456 1459 527 1502 cum
558 1440 717 1503 Fannio-10
750 1440 915 1516 facientes,

88 1526 117 1589 ιὶ
145 1524 262 1605 Apeo,
293 1523 499 1604 Ephemeram
518 1523 915 1589 morinummontem
1020 1589 1025 1597 ,

88 1604 154 1671 ass'e
182 1606 356 1682 consociat,
400 1609 455 1690 qui
484 1608 672 1669 Libeilulam
702 1618 734 1671 et
763 1610 916 1672 Araneam

88 1692 156 1755 miii
176 1693 269 1767 modo
293 1691 478 1772 conjungit,
511 1706 544 1752 et
559 1693 695 1755 ricarum
716 1712 753 1755 ac
773 1690 916 1758 Oestrum

88 1776 120 1843 rb
141 1778 253 1837 eodem
275 1778 383 1839 ordine
411 1776 570 1858 proponit.

128 1856 324 1922 Difficultate
351 1880 427 1941 ergo
451 1861 483 1922 in
509 1857 594 1923 hisce
624 1860 702 1920 mire
726 1861 916 1926 variantibus

88 1940 263 2009 nianalculis
285 1943 505 2027 dignoscendis
523 1940 690 2025 peniitatar
719 1943 860 2009 Celeber.
875 1947 916 2011 D.

88 2025 210 2101 nesea,
244 2048 300 2110 pro
323 2028 378 2089 suo
400 2031 432 2091 in
454 2026 607 2090 Historiae
627 2026 698 2090 Nat.
722 2028 917 2094 incrementa

88 2112 179 2175 rdore
205 2113 243 2175 de
274 2133 312 2173 eo
335 2113 395 2174 fuit
421 2111 592 2181 sollicitus,
628 2122 664 2174 ut
688 2112 919 2197 Entomologo-

88 2215 138 2261 um
159 2196 247 2258 labor
266 2196 373 2258 bacin
396 2216 428 2257 rc
452 2197 679 2281 quodammodo
694 2195 921 2274 sublevaretur3
994 2194 997 2199 ’

88 2298 162 2343 uem
183 2280 217 2342 in
241 2278 336 2342 finem
360 2277 501 2361 praesens
517 2277 701 2360 opusculum
719 2299 826 2343 eorum
846 2301 921 2364 pto·

89 2364 196 2427 onitur
224 2358 412 2436 discrimini,
448 2383 512 2443 quo
540 2361 630 2445 patto
657 2362 770 2425 sciendi
798 2366 921 2445 cupidis

88 2446 257 2517 rathodus.
298 2468 358 2529 qua
384 2448 417 2510 in
440 2445 549 2511 Museo
573 2448 670 2510 Aced.
695 2445 800 2527 Upsai.
828 2450 923 2513 ador-

93 2531 175 2594 addo
191 2530 262 2594 uiua
276 2530 329 2604 sat,
352 2552 423 2596 cum
440 2531 504 2595 illis
518 2531 809 2605 emendationibua‚
832 2551 922 2618 quaa,

89 2614 137 2679 ost
160 2615 246 2678 iliius
261 2617 324 2698 jam
346 2618 466 2679 editum
482 2613 687 2696 Cataiogum,
713 2616 843 2680 iteratae
865 2619 923 2681 ob·

88 2699 258 2843 arvastiones
290 2701 494 2765 instituendas
527 2697 703 2773 suaserunt,
751 2698 841 2765 timul
871 2702 924 2765 in-

91 2794 222 2847 otecat.

88 2904 89 2909 κ
134 2865 284 2930 Editnrua
316 2864 482 2955 Specimen
513 2866 670 2949 quoddam
699 2868 923 2935 Academicum

88 2951 199 3030 ogavi,
237 2964 274 3015 ut
302 2955 382 3015 vires
415 2953 448 3013 in
477 2950 533 3014 iilo
560 2952 692 3030 negotio
722 2951 921 3017 conficiendo

88 3037 150 3097 nitri
175 3037 343 3118 periclitari
360 3037 556 3119 permitteret
573 3034 658 3098 idem
677 3034 734 3099 Vir
752 3033 927 3103 Celeberri-

88 3138 154 3181 nua.
201 3117 413 3193 Quamobrem
438 3120 497 3181 hos
516 3116 717 3184 Charasteres
734 3117 925 3185 infestorum

88 3202 306 3285 puaiescunque
320 3204 393 3267 Tibi
408 3202 440 3268 Β.
455 3203 488 3265 L.
515 3201 587 3265 sistit
603 3204 708 3265 tenuis
722 3207 784 3268 mei
806 3205 928 3286 ingenii

88 3289 252 3367 oppetierat,
295 3289 512 3367 indulgentem
539 3287 726 3368 juvenilium
757 3304 927 3354 conatuum

88 3370 307 3437 excusationem
330 3375 422 3436 enine
445 3373 523 3435 mihi
539 3384 710 3454 capetano·

363 3497 380 3534 *
492 3498 509 3534 dt
621 3498 640 3535 ᾖ

805 3553 835 3605 1.
855 3535 928 3604 CO·
