2136 3966
128 264 205 332 250
319 267 323 273 ·
419 246 452 316 S.
484 245 677 318 Toennen
742 258 747 265 ’

128 427 309 496 rnetbndna,
341 430 470 488 naturae
491 425 633 490 curiosos
660 425 770 492 insui
799 448 865 495 amc

128 513 365 576 admirationem
389 510 421 572 vi
440 513 571 592 quedam
590 507 645 591 ipsr
665 515 798 595 propria
817 532 866 597 rap

192 594 252 658 Hic
271 596 366 656 etiam
384 592 510 655 silentio
529 597 712 677 nentiquam
734 612 866 679 praeter

128 679 285 762 possumus
305 679 343 741 dc
367 697 398 740 re
412 678 656 760 Entornologica
676 681 780 765 longe
807 703 866 746 mer

5 773 9 782 '
127 764 376 830 Prosiannrcrt
395 759 573 824 indefessim
589 771 622 826 et
634 766 788 828 eximiam
807 769 866 849 plu

126 868 213 922 ram,
242 851 435 930 quinorum
459 848 625 911 condendo
642 848 811 929 systema.
837 852 866 917 E

11 936 13 947 '
125 932 274 1017 ingonem
292 936 325 996 in
343 929 372 992 se
386 933 543 993 convertit
558 931 679 1002 oculos,
702 943 736 996 et
752 934 854 1016 'crrjur

125 1019 327 1083 celeberrima
343 1015 484 1077 omniurn
500 1033 609 1078 eornm
623 1014 687 1098 jam
704 1019 867 1084 versantur

42 1112 48 1122 ’
124 1105 197 1168 bur.
240 1101 374 1165 Mtxirne
393 1097 463 1160 sane
477 1097 718 1163 consentaneum
734 1106 867 1170 omniur

124 1189 226 1260 votia,
256 1194 291 1248 ut
304 1186 389 1244 hunc
405 1182 579 1245 incredibili
599 1186 781 1260 praeditum
801 1195 868 1270 pert

124 1272 238 1339 Virum
257 1271 290 1331 in
309 1261 506 1330 subtilislirnis
523 1265 712 1333 insesborunr
733 1275 865 1349 partibo

79 1386 82 1399 ·
125 1378 186 1440 que
221 1350 353 1435 assequi,
401 1358 434 1414 et
456 1349 550 1433 ipsius
577 1351 787 1419 Citaraiieree
818 1377 868 1439 ger

122 1460 234 1505 eruere
255 1439 381 1511 valeret.
422 1433 501 1498 Cuur
524 1457 600 1499 vern
614 1459 649 1500 ea
664 1436 702 1502 fir
717 1453 868 1517 oporteat

121 1544 274 1595 amoenae
295 1519 452 1585 Scientiae
476 1519 619 1592 indoles,
662 1533 699 1585 ut
718 1524 795 1604 ejus
820 1526 868 1607 pri

122 1610 226 1694 quoad
257 1606 326 1671 fieri
350 1599 455 1697 polin,
484 1605 687 1686 pervestigatu
713 1607 813 1672 facili.
830 1629 869 1681 ru<

120 1689 293 1777 proposita,
316 1691 349 1752 in
365 1688 504 1750 omnium
524 1686 586 1751 sese
601 1689 760 1755 insinuent
778 1695 869 1757 ocul<

120 1793 243 1851 torum,
274 1793 385 1838 vereor
404 1793 448 1834 ne
471 1773 579 1853 potine
594 1774 710 1838 nimiae
731 1777 869 1842 curiosrt

119 1861 325 1926 tiniaciendne
344 1856 488 1922 inserviat
505 1857 610 1932 labor,
639 1860 673 1922 in
692 1859 870 1926 instrumen

119 1948 216 2013 barile
237 1941 445 2015 insertorum,
478 1940 644 2005 secundum
667 1943 861 2009 methodum

119 2028 254 2103 cianarn,
272 2028 350 2091 adeo
364 2029 400 2087 ad
416 2043 555 2108 unguem
576 2026 762 2101 resecandis,
785 2031 870 2094 collc

117 2135 211 2198 quarn
235 2116 361 2177 intento
385 2107 674 2191 respondentusu13
700 2123 799 2193 atque
820 2112 871 2177 Sci

117 2200 258 2263 cultores
274 2193 534 2260 Nomenclnturae
548 2192 636 2274 supra
650 2196 770 2259 laudati
791 2192 863 2262 Viri

116 2283 320 2353 adhaereant,
358 2279 499 2341 habitum
521 2276 711 2343 infestorum
739 2282 775 2342 in
801 2282 871 2364 einr

116 2368 204 2433 ribna
227 2366 413 2431 traditorum
427 2381 467 2424 ex
483 2361 679 2445 Synr'rnymis
692 2362 871 2431 Linnaeani

115 2451 301 2521 noscentes,
328 2465 423 2532 quarn
442 2456 533 2510 nolas
554 2444 722 2511 Genericas
744 2447 845 2531 ipsius
868 2460 872 2512 ὲ

114 2536 210 2600 matie
241 2533 330 2596 irrito
355 2529 532 2615 perquirere
560 2532 709 2594 nitentur.
775 2532 849 2596 Nos

73 2668 75 2672 »
113 2617 254 2703 Syl’cerna
269 2617 474 2679 scrutatorum
493 2615 596 2696 captui
610 2618 872 2681 accommodatun

114 2702 238 2788 gendo,
258 2700 351 2763 castra
363 2698 539 2760 Fabriciani
557 2696 697 2779 deserere
710 2702 872 2781 cogimur,

113 2787 251 2857 reiteres
270 2783 441 2866 generibus
469 2781 659 2847 insectorum
685 2783 722 2845 ab
747 2785 817 2865 ipso
842 2787 873 2848 in

113 2885 183 2947 tos,
221 2872 254 2932 in
282 2866 457 2929 minoribus
487 2869 669 2948 praecipue,
708 2868 793 2931 haud
822 2869 873 2935 dit

111 2958 227 3024 ruodn,
273 2951 326 3012 sed
352 2950 412 3013 ell'e
434 2951 666 3014 inextricabiles
692 2951 785 3023 plane
815 2972 873 3033 per

111 3040 245 3121 proinde
271 3035 374 3119 aliie,
393 3035 505 3114 qrribus
527 3034 640 3116 volupe
663 3037 739 3108 erit,
770 3057 874 3119 aeque

109 3123 178 3186 ¹unis
199 3133 328 3185 naturae
348 3114 568 3181 scrutatoribus
589 3119 785 3183 mandibulas
801 3143 874 3184 acn

109 3207 157 3270 las
172 3204 360 3268 infestorum
370 3219 539 3283 carumque
550 3200 642 3266 litum
657 3213 690 3270 et
702 3205 816 3268 dentes
829 3224 874 3268 err

110 3289 336 3371 relinquimus,
366 3287 525 3358 contenti,
553 3283 625 3350 siin
643 3288 804 3362 externis,
829 3309 873 3354 au

136 3375 163 3436 ie
189 3371 364 3452 conspicuis
388 3370 470 3433 baud
495 3369 670 3436 destruendi
696 3371 844 3435 animalis
872 3398 874 3407 <

109 3395 170 3522 bun
197 3470 290 3521 notan
317 3456 466 3538 quasdam
491 3456 639 3540 detegere
669 3455 812 3521 valemus
850 3457 873 3518 h

220 3584 224 3593 ·
823 3562 875 3607 anr
